<?xml version="1.0" encoding="UTF-8"?><record xmlns="http://www.loc.gov/MARC21/slim" xmlns:cinclude="http://apache.org/cocoon/include/1.0" xmlns:zs="http://www.loc.gov/zing/srw/">
  <leader>01134cz  a2200193n  4500</leader>
  <controlfield tag="001">n 2007010927</controlfield>
  <controlfield tag="003">DLC</controlfield>
  <controlfield tag="005">20131231080758.0</controlfield>
  <controlfield tag="008">070213n| azannaabn          |a aaa      </controlfield>
  <datafield tag="010" ind1=" " ind2=" ">
    <subfield code="a">n 2007010927</subfield>
  </datafield>
  <datafield tag="040" ind1=" " ind2=" ">
    <subfield code="a">DLC</subfield>
    <subfield code="b">eng</subfield>
    <subfield code="e">rda</subfield>
    <subfield code="c">DLC</subfield>
    <subfield code="d">DLC</subfield>
  </datafield>
  <datafield tag="100" ind1="1" ind2=" ">
    <subfield code="a">Sanāʼī al-Ghaznavī, Abū al-Majd Majdūd ibn Ādam,</subfield>
    <subfield code="d">-approximately 1150.</subfield>
    <subfield code="t">Poems.</subfield>
    <subfield code="k">Selections.</subfield>
    <subfield code="l">Tajik</subfield>
  </datafield>
  <datafield tag="377" ind1=" " ind2=" ">
    <subfield code="a">taj</subfield>
  </datafield>
  <datafield tag="400" ind1="1" ind2=" ">
    <subfield code="a">Sanāʼī al-Ghaznavī, Abū al-Majd Majdūd ibn Ādam,</subfield>
    <subfield code="d">-approximately 1150.</subfield>
    <subfield code="t">Izbrannye prozvedenii︠a︡ v 2-kh tomakh</subfield>
  </datafield>
  <datafield tag="400" ind1="1" ind2=" ">
    <subfield code="a">Sanāʼī al-Ghaznavī, Abū al-Majd Majdūd ibn Ādam,</subfield>
    <subfield code="d">-approximately 1150.</subfield>
    <subfield code="t">Osori muntakhab</subfield>
  </datafield>
  <datafield tag="400" ind1="1" ind2=" ">
    <subfield code="a">Sanāʼī al-Ghaznavī, Abū al-Majd Majdūd ibn Ādam,</subfield>
    <subfield code="d">-approximately 1150.</subfield>
    <subfield code="t">Muntakhabi ashʺor</subfield>
  </datafield>
  <datafield tag="400" ind1="1" ind2=" ">
    <subfield code="w">nnea</subfield>
    <subfield code="a">Sanāʼī al-Ghaznavī, Abū al-Majd Majdūd ibn Ādam,</subfield>
    <subfield code="d">d. ca. 1150.</subfield>
    <subfield code="t">Poems.</subfield>
    <subfield code="l">Tajik.</subfield>
    <subfield code="k">Selections</subfield>
  </datafield>
  <datafield tag="670" ind1=" " ind2=" ">
    <subfield code="a">Sanāʼī al-Ghaznavī, Abū al-Majd Majdūd ibn Ādam. Osori muntakhab, 1993-2004:</subfield>
    <subfield code="b">v. 1, colophon (Izbrannye prozvedenii︠a︡ v 2-kh tomakh)</subfield>
  </datafield>
  <datafield tag="670" ind1=" " ind2=" ">
    <subfield code="a">Muntakhabi ashʺor, 2011:</subfield>
    <subfield code="b">title page (Muntakhabi ashʺor, Sanoii Ghaznavī)</subfield>
  </datafield>
</record>